@article{Paranicaset2012,
title = "Energetic charged particle weathering of Saturn's inner satellites ",
journal = "Planetary and Space Science ",
volume = "61",
number = "1",
pages = "60 - 65",
year = "2012",
note = "Surfaces, atmospheres and magnetospheres of the outer planets and their satellites and ring systems: Part \{VII\} ",
issn = "0032-0633",
doi = "http://dx.doi.org/10.1016/j.pss.2011.02.012",
url = "http://www.sciencedirect.com/science/article/pii/S0032063311000729",
author = "C. Paranicas and E. Roussos and N. Krupp and P. Kollmann and A.R. Hendrix and T. Cassidy and R.E. Johnson and P. Schenk and G. Jones and J. Carbary and D.G. Mitchell and K. Dialynas",
keywords = "Planetary magnetospheres",
keywords = "Saturn",
keywords = "Planetary satellites "
}

